@MISC{pbdR2012,
  author = {Ostrouchov, G. and Chen, W.-C. and Schmidt, D. and Patel, P.},
  title = {Programming with Big Data in R},
  year = {2012},
  url = {http://r-pbd.org/}
}



@inproceedings{mucci1999papi,
  title={PAPI: A portable interface to hardware performance counters},
  author={Mucci, Philip J and Browne, Shirley and Deane, Christine and Ho, George},
  booktitle={Proceedings of the Department of Defense HPCMP Users Group Conference},
  pages={7--10},
  year={1999}
}



@Misc{Schmidt2014pbdPAPIpackage,
  title = {pbdPAPI: Programming with Big Data -- Performance Analysis Tools for R},
  author = {Drew Schmidt and Christian Heckendorf and Wei-Chen Chen and George Ostrouchov and Pragneshkumar Patel},
  year = {2014},
  note = {{R} Package},
  url = {http://cran.r-project.org/package=pbdPAPI},
}


@book{gvl,
  author =       {Golub, Gene H. and Van Loan, Charles F.},
  day =          15,
  edition =      {3rd},
  howpublished = {Paperback},
  month =        oct,
  publisher =    {The Johns Hopkins University Press},
  title =        {Matrix Computations (Johns Hopkins Studies in
                  Mathematical Sciences)(3rd Edition)},
  year =         1996
}